<?xml version="1.0" encoding="UTF-8"?><collection xmlns="http://www.loc.gov/MARC21/slim"><record><leader>00473nam--2200169-u-4500</leader><controlfield tag="001">000055494</controlfield><controlfield tag="002">20161230</controlfield><controlfield tag="005">20161230201052</controlfield><controlfield tag="008">130214s1000------------r-----000-0-eng-d</controlfield><datafield ind1=" " ind2=" " tag="040"><subfield code="a">IFIN-HH</subfield></datafield><datafield ind1=" " ind2=" " tag="080"><subfield code="a">550.3(038):801.323.2=40=82</subfield></datafield><datafield ind1="1" ind2=" " tag="100"><subfield code="a">Deev, Georges</subfield></datafield><datafield ind1="1" ind2="0" tag="245"><subfield code="a">Dictionnaire geophysique francais-russe</subfield><subfield code="b">Frantuzsko-russkii geofiziceskii slovari</subfield><subfield code="c">Georges deev</subfield></datafield><datafield ind1=" " ind2=" " tag="260"><subfield code="a">Moskva</subfield><subfield code="c">1960</subfield></datafield><datafield ind1=" " ind2=" " tag="300"><subfield code="a">374P</subfield></datafield><datafield ind1=" " ind2=" " tag="852"><subfield code="a">D.538</subfield><subfield code="c">SLF</subfield></datafield><datafield ind1=" " ind2=" " tag="CAT"><subfield code="a">Sys</subfield><subfield code="c">20130214</subfield><subfield code="h">160529</subfield></datafield></record></collection>